@BOOK{halliday,
   AUTHOR="D. Halliday, R. Resnick, J. Walker",
   TITLE="Physik Bachelor-Edition",
   PUBLISHER="Wiley-VCH GmbH & Co. KGaA",
   YEAR=2000
}   
